%% LaTeX2e file `references.bib'
%% generated by the `filecontents' environment
%% from source `"NYC taxi fare prediction"' on 2021/09/10.
%%
@article{Dymarsky:2020qom,
    author = "Dymarsky, Anatoly and Shapere, Alfred",
    title = "{Quantum stabilizer codes, lattices, and CFTs}",
    eprint = "2009.01244",
    archivePrefix = "arXiv",
    primaryClass = "hep-th",
    doi = "10.1007/JHEP03(2021)160",
    journal = "JHEP",
    volume = "21",
    pages = "160",
    year = "2020"
}

@book{Zwillinger,
  author    = {Zwillinger, D.},
  title     = {Standard Mathematical Tables and Formulae},
  publisher = {Academic Press},
  year      = 2003,
  edition   = 8,
  isbn      = {978-0-12-384933-5}
}


